% Encoding: UTF-8

@misc{OmniORB,
  title = {OmniORB : Free CORBA ORB},
  author = {Duncan Grisby},
  year = {28.09.2015},
  howpublished = "\url{http://omniorb.sourceforge.net/}",
}

@misc{Orbacus,
  author = {Micro Focus},
  title  = {Orbacus},
  howpublished = "\url{https://www.microfocus.com/products/corba/orbacus/orbacus.aspx}",
}

@misc{JacORB,
  year = {03.11.2015},
  title  = {JacORB - The free Java implementation of the OMG's CORBA standard.},
  howpublished =  "\url{http://www.jacorb.org/}",
}

@misc{OmniORB_guide,
  title = {The omniORB version 4.2 Usersâ€™ Guide},
  author =  {Duncan Grisby},
  year = {11.03.2014},
  howpublished = "\url{http://omniorb.sourceforge.net/omni42/omniORB.pdf}",
}

@misc{Orbacus_guide,
  title = {CORBA/C++ Programming with ORBacus Student Workbook},
  author = {IONA Technologies, Inc.},
  year = {11.03.2014},
  howpublished = "url{http://www.ing.iac.es/~docs/external/corba/book.pdf
}",  
}


@misc{repo,
  author = {Thomas Fellner},
  title  = {Github Repository mit der Aufgabe},
  howpublished =  "\url{https://github.com/tfellner-tgm/CORBA}",
}

@misc{halloWelt-bsp,
  author = {Michal Borko},
  title = {CORBA Hallo Welt Beispiel mit Java und C++},
  howpublished = "\url{https://github.com/mborko/code-examples/tree/master/corba/halloWelt}",
}

@Comment{jabref-meta: databaseType:bibtex;}
